https://briankoberlein.com/post/newtons-apple/
https://commons.wikimedia.org/wiki/File:Albert_Einstein_Head.jpg
https://telescoper.wordpress.com/2015/11/26/why-is-general-relativity-so-difficult/ 
https://en.wikipedia.org/wiki/Gravitational_wave
https://www.google.com/search?q=cosmic+microwave+background&tbm=isch#imgrc=NiYWKckRM_fb6M 
https://www.aps.org/publications/apsnews/updates/ligo-virgo.cfm
https://www.youtube.com/watch?v=I_88S8DWbcU 
https://lisa.nasa.gov/archive2011/
https://www.esa.int/Enabling_Support/Operations/LISA_Pathfinder
https://www.earth.com/news/solar-wind-collides-magnetic-field/
https://solarsystem.nasa.gov/missions/ace/in-depth/
https://www.ligo.caltech.edu/page/what-are-gw
https://www.esa.int/Science_Exploration/Space_Science/LISA_mission_moves_to_final_design_phase
https://www.elisascience.org/articles/lisa-mission/lisa-mission-gravitational-universe
https://www.elisascience.org/articles/lisa-pathfinder
https://www.jpl.nasa.gov/nmp/st5/SCIENCE/solarwind.html
https://www.ligo.caltech.edu/page/what-are-gw
https://www.gsjournal.net/Science-Journals/Essays-Gravity/Download/5623
https://en.wikipedia.org/wiki/Oliver_Heaviside
https://www.sapaviva.com/jules-henri-poincare/
https://en.wikipedia.org/wiki/Gravitational_wave
https://www.mdpi.com/2218-1997/2/3/22/htm
https://www.esa.int/Science_Exploration/Space_Science/Studying_the_stars_testing_relativity_Sir_Arthur_Eddington
https://felix-pirani.muchloved.com/
https://www.bbvaopenmind.com/en/science/physics/arthur-eddington-the-man-who-invented-einstein/
https://en.wikipedia.org/wiki/Hulse%E2%80%93Taylor_binary
https://astrobites.org/2018/02/02/looking-back-at-the-hulse-taylor-binary-pulsar/
https://www.dlr.de/content/en/articles/news/2015/20151203_in-the-footprints-of-albert-einstein-successful-launch-of-lisa-pathfinder_15996.html



B. M. Frank, B. Piotrzkowski, B. Bolen, M. Cavagli`a, and S. L. Larson, Modeling spurious forces on the 
lisa spacecraft across a full solar cycle, Classical and Quantum Gravity 37, 175007 (2020).\\
D. Shaul, K. Aplin, H. Araujo, R. Bingham, J. Blake, G. Branduardi-Raymont, S. Buchman, A. Fazakerley, L. Finn, L. Fletcher, et al., Solar and cosmic ray physics and the space environment: Studies for and with lisa, in AIP Conference Proceedings, Vol. 873 (American Institute of Physics, 2006) pp. 172–178.\\
Ace swepam level 2 data.\\
J. I. Thorpe, J. Slutsky, J. G. Baker, T. B. Littenberg, S. Hourihane, N. Pagane, P. Pokorny, D. Janches, M. Armano, H. Audley, et al., Micrometeoroid events in lisa pathfinder, The Astrophysical Journal 883, 53 (2019).\\
M. Armano, H. Audley, J. Baird, P. Binetruy, M. Born, D. Bortoluzzi, E. Castelli, A. Cavalleri, A. Cesarini, A. Cruise, et al., Beyond the required lisa free-fall performance: new lisa pathfinder results down to 20 μ hz, Physical review letters 120, 061101 (2018).\\
E. C. Stone, A. Frandsen, R. Mewaldt, E. Christian, D. Margolies, J. Ormes, and F. Snow, The advanced composition explorer, Space Science Reviews 86, 1 (1998).\\
P. Amaro-Seoane, H. Audley, S. Babak, J. Baker, E. Barausse, P. Bender, E. Berti, P. Binetruy, M. Born, D. Bortoluzzi, et al., Laser interferometer space antenna, arXiv preprint arXiv:1702.00786 (2017).\\
B. Koberlein, Newton’s apple.\\
Virgo joins ligo in detection of gravitational waves.\\
What are gravitational waves?\\
When solar wind collides with earth’s magnetic field
(2018).\\
Lisa Pathfinder.\\
Albert Einstein.\\
Cosmic microwave background.\\
Why is general relativity so difficult? (2015).\\
G. S. Journal, The general science journal, science journals.\\
Lisa mission.\\
Lisa pathfinder.\\
Lisa: Laser interferometer space antenna project.
In depth (2020).\\
 U. B. T. R. M. M. e. a. Lucio Monserrate, Cherie Schumacher, 9. jules henri poincar ́e.\\
Gravitational wave (2022).\\
Oliver heaviside (2022).\\
Two black holes merge into one (2016).\\
@PREAMBLE{
 "\providecommand{\noopsort}[1]{}" 
 # "\providecommand{\singleletter}[1]{#1}%" 
}

@article{frank2020modeling,
  title={Modeling spurious forces on the LISA spacecraft across a full solar cycle},
  author={Frank, Barrett M and Piotrzkowski, Brandon and Bolen, Brett and Cavagli{\`a}, Marco and Larson, Shane L},
  journal={Classical and Quantum Gravity},
  volume={37},
  number={17},
  pages={175007},
  year={2020},
  publisher={IOP Publishing}
}
@inproceedings{shaul2006solar,
  title={Solar and cosmic ray physics and the space environment: Studies for and with LISA},
  author={Shaul, DNA and Aplin, KL and Araujo, H and Bingham, R and Blake, JB and Branduardi-Raymont, G and Buchman, S and Fazakerley, A and Finn, LS and Fletcher, L and others},
  booktitle={AIP Conference Proceedings},
  volume={873},
  number={1},
  pages={172--178},
  year={2006},
  organization={American Institute of Physics}
}
 @misc{ace swepam level 2 data, 
 title={ACE SWEPAM Level 2 Data}, 
 url={https://izw1.caltech.edu/ACE/ASC/level2/lvl2DATA_SWEPAM.html}, 
 journal={ACE SWEPAM Level 2 data}
 } 
 @article{thorpe2019micrometeoroid,
  title={Micrometeoroid events in LISA Pathfinder},
  author={Thorpe, James Ira and Slutsky, Jacob and Baker, John G and Littenberg, Tyson B and Hourihane, Sophie and Pagane, Nicole and Pokorny, Petr and Janches, Diego and Armano, Michele and Audley, Heather and others},
  journal={The Astrophysical Journal},
  volume={883},
  number={1},
  pages={53},
  year={2019},
  publisher={IOP Publishing}
}
@article{armano2018beyond,
  title={Beyond the required lisa free-fall performance: new lisa pathfinder results down to 20 $\mu$ hz},
  author={Armano, Michele and Audley, H and Baird, J and Binetruy, P and Born, Michael and Bortoluzzi, D and Castelli, E and Cavalleri, A and Cesarini, A and Cruise, AM and others},
  journal={Physical review letters},
  volume={120},
  number={6},
  pages={061101},
  year={2018},
  publisher={APS}
}
@article{stone1998advanced,
  title={The advanced composition explorer},
  author={Stone, Edward C and Frandsen, AM and Mewaldt, RA and Christian, ER and Margolies, D and Ormes, JF and Snow, F},
  journal={Space Science Reviews},
  volume={86},
  number={1},
  pages={1--22},
  year={1998},
  publisher={Springer}
}
@article{amaro2017laser,
  title={Laser interferometer space antenna},
  author={Amaro-Seoane, Pau and Audley, Heather and Babak, Stanislav and Baker, John and Barausse, Enrico and Bender, Peter and Berti, Emanuele and Binetruy, Pierre and Born, Michael and Bortoluzzi, Daniele and others},
  journal={arXiv preprint arXiv:1702.00786},
  year={2017}
}