@PREAMBLE{
 "\providecommand{\noopsort}[1]{}"
 # "\providecommand{\singleletter}[1]{#1}%"
}

@article{frank2020modeling,
  title={Modeling spurious forces on the LISA spacecraft across a full solar cycle},
  author={Frank, Barrett M and Piotrzkowski, Brandon and Bolen, Brett and Cavagli{\`a}, Marco and Larson, Shane L},
  journal={Classical and Quantum Gravity},
  volume={37},
  number={17},
  pages={175007},
  year={2020},
  publisher={IOP Publishing}
}
@inproceedings{shaul2006solar,
  title={Solar and cosmic ray physics and the space environment: Studies for and with LISA},
  author={Shaul, DNA and Aplin, KL and Araujo, H and Bingham, R and Blake, JB and Branduardi-Raymont, G and Buchman, S and Fazakerley, A and Finn, LS and Fletcher, L and others},
  booktitle={AIP Conference Proceedings},
  volume={873},
  number={1},
  pages={172--178},
  year={2006},
  organization={American Institute of Physics}
}
 @misc{ace\_swepam\_level\_2\_data,
 title={ACE SWEPAM Level 2 Data},
 url={https://izw1.caltech.edu/ACE/ASC/level2/lvl2DATA_SWEPAM.html},
 journal={ACE SWEPAM Level 2 data}
 }
 @article{thorpe2019micrometeoroid,
  title={Micrometeoroid events in LISA Pathfinder},
  author={Thorpe, James Ira and Slutsky, Jacob and Baker, John G and Littenberg, Tyson B and Hourihane, Sophie and Pagane, Nicole and Pokorny, Petr and Janches, Diego and Armano, Michele and Audley, Heather and others},
  journal={The Astrophysical Journal},
  volume={883},
  number={1},
  pages={53},
  year={2019},
  publisher={IOP Publishing}
}
@article{armano2018beyond,
  title={Beyond the required lisa free-fall performance: new lisa pathfinder results down to 20 $\mu$ hz},
  author={Armano, Michele and Audley, H and Baird, J and Binetruy, P and Born, Michael and Bortoluzzi, D and Castelli, E and Cavalleri, A and Cesarini, A and Cruise, AM and others},
  journal={Physical review letters},
  volume={120},
  number={6},
  pages={061101},
  year={2018},
  publisher={APS}
}
@article{stone1998advanced,
  title={The advanced composition explorer},
  author={Stone, Edward C and Frandsen, AM and Mewaldt, RA and Christian, ER and Margolies, D and Ormes, JF and Snow, F},
  journal={Space Science Reviews},
  volume={86},
  number={1},
  pages={1--22},
  year={1998},
  publisher={Springer}
}
@article{amaro2017laser,
  title={Laser interferometer space antenna},
  author={Amaro-Seoane, Pau and Audley, Heather and Babak, Stanislav and Baker, John and Barausse, Enrico and Bender, Peter and Berti, Emanuele and Binetruy, Pierre and Born, Michael and Bortoluzzi, Daniele and others},
  journal={arXiv preprint arXiv:1702.00786},
  year={2017}
}
